<record><leader>00000cas a22000007a 4500</leader><controlfield tag="001">12358950</controlfield><controlfield tag="008">850807d18961901iauwr ne      0    0eng d</controlfield><datafield ind1=" " ind2=" " tag="010"><subfield code="a">sn 85049711 </subfield></datafield><datafield ind1=" " ind2=" " tag="040"><subfield code="a">INP</subfield><subfield code="b">eng</subfield><subfield code="c">INP</subfield><subfield code="d">OCLCQ</subfield></datafield><datafield ind1=" " ind2=" " tag="042"><subfield code="a">msc</subfield></datafield><datafield ind1="0" ind2=" " tag="130"><subfield code="a">Remarker (Mount Vernon, Iowa)</subfield></datafield><datafield ind1="1" ind2="4" tag="245"><subfield code="a">The remarker.</subfield></datafield><datafield ind1=" " ind2=" " tag="260"><subfield code="a">Mount Vernon, Iowa :</subfield><subfield code="b">Minard Lozier,</subfield><subfield code="c">1896-1901.</subfield></datafield><datafield ind1=" " ind2=" " tag="300"><subfield code="a">5 v. :</subfield><subfield code="b">ill. ;</subfield><subfield code="c">51 cm.</subfield></datafield><datafield ind1=" " ind2=" " tag="310"><subfield code="a">Weekly</subfield></datafield><datafield ind1="0" ind2=" " tag="362"><subfield code="a">Vol. 4, no. 1 (July 13, 1896)-v. 8, no. 31 (Mar. 1, 1901).</subfield></datafield><datafield ind1=" " ind2=" " tag="500"><subfield code="a">Publisher varies.</subfield></datafield><datafield ind1=" " ind2=" " tag="515"><subfield code="a">Publication suspended: Dec. 22, 1899-Jan. 19? 1900.</subfield></datafield><datafield ind1=" " ind2=" " tag="515"><subfield code="a">Oct. 7, 1898 issue misdated Sept. 7, 1898.</subfield></datafield><datafield ind1=" " ind2=" " tag="515"><subfield code="a">Vol. 6, no. 36 (Mar. 3, 1899) misnumbered Vol. 6, no. 37.</subfield></datafield><datafield ind1=" " ind2=" " tag="752"><subfield code="a">United States</subfield><subfield code="b">Iowa</subfield><subfield code="c">Linn</subfield><subfield code="d">Mount Vernon.</subfield></datafield><datafield ind1="0" ind2="0" tag="785"><subfield code="t">Mount Vernon record (Mount Vernon, Iowa)</subfield><subfield code="w">(DLC)sn 85049709</subfield></datafield></record>